@book{apollonDigitalCriticalEditions2014,
  title = {{Digital Critical Editions}},
  author = {Apollon, Daniel and Belisle, Claire and Regnier, Philippe},
  year = {2014},
  month = jun,
  publisher = {{University of Illinois Press}},
  address = {{Urbana Chicaco Sprinfgield}},
  abstract = {Provocative yet sober,  Digital Critical Editions examines how transitioning from print to a digital milieu deeply affects how scholars deal with the work of editing critical texts. On one hand, forces like changing technology and evolving reader expectations lead to the development of specific editorial products, while on the other hand, they threaten traditional forms of knowledge and methods of textual scholarship.Using the experiences of philologists, text critics, text encoders, scientific editors, and media analysts, Digital Critical Editions ranges from philology in ancient Alexandria to the vision of user-supported online critical editing, from peer-directed texts distributed to a few to community-edited products shaped by the many. The authors discuss the production and accessibility of documents, the emergence of tools used in scholarly work, new editing regimes, and how the readers' expectations evolve as they navigate digital texts. The goal: exploring questions such as, What kind of text is produced? Why is it produced in this particular way?Digital Critical Editions provides digital editors, researchers, readers, and technological actors with insights for addressing disruptions that arise from the clash of traditional and digital cultures, while also offering a practical roadmap for processing traditional texts and collections with today's state-of-the-art editing and research techniques thus addressing readers' new emerging reading habits.},
  isbn = {978-0-252-03840-2},
  langid = {Anglais},
  keywords = {DH,edition}
}

@article{baujardNumerisationPatrimoineCulturel2017,
  title = {{Num\'erisation du patrimoine culturel et strat\'egie manag\'eriale des mus\'ees}},
  author = {Baujard, Corinne},
  year = {2017},
  month = feb,
  journal = {Management des technologies organisationnelles},
  number = {7},
  pages = {69--78},
  publisher = {{Les Presses des Mines}},
  issn = {2553-3851},
  urldate = {2023-08-06},
  abstract = {Ce septi\`eme volume de la revue MTO pr\'esente la particularit\'e de r\'eunir des textes centr\'es sur le th\`eme \guillemotleft ~d\'esordres num\'eriques~: incertitude et opportunit\'es~\guillemotright{} (dans la continuit\'e du volume 06), et des textes centr\'es sur le th\`eme \guillemotleft ~engagement des publics et des entreprises dans un environnement dynamique~: le r\^ole des r\'eseaux mondiaux~\guillemotright.Nous aurions pu organiser ce num\'ero en deux parties, mais il nous a sembl\'e plus int\'eressant de rassembler les textes sous une banni\`ere commune \guillemotleft ~num\'erique et organisations~\guillemotright{} tout en conservant l'organisation de notre revue en trois parties~: le point de vue de scientifiques de renom en cartes blanches, les contributions au th\`eme d\'evelopp\'e dans le volume, et un ensemble de textes issus du terrain.Bien entendu, nous conservons la particularit\'e de notre revue qui est de donner la parole aux chercheurs exp\'eriment\'es et aux chercheurs en devenir tels que les doctorants, ainsi qu'aux consultants et aux acteurs en entreprises. Dans tous les cas l'objectif est le m\^eme~: privil\'egier l'apport d'id\'ees nouvelles pour renforcer la comp\'etitivit\'e des entreprises},
  langid = {french},
  keywords = {num\'erisation du patrimoine},
  file = {/home/jade/snap/zotero-snap/common/Zotero/storage/PLQXSA74/revue-management-des-technologies-organisationnelles-2017-2-page-69.html}
}

@article{benhamouDroitAuteurMusees2016,
  title = {{Droit d'auteur et mus\'ees num\'eriques}},
  author = {Benhamou, Yaniv},
  year = {2016},
  month = jun,
  journal = {Magazine de l'OMPI},
  number = {3},
  urldate = {2023-08-06},
  langid = {french},
  keywords = {art history,droit d'auteur},
  file = {/home/jade/snap/zotero-snap/common/Zotero/storage/DDD977ER/article_0005.html}
}

@article{bergstromImageQualityComputer2023,
  title = {Image Quality and Computer Vision Performance: Assessing the Effects of Image Distortions and Modeling Performance Relationships Using the General Image Quality Equation},
  shorttitle = {Image Quality and Computer Vision Performance},
  author = {Bergstrom, Austin C. and Messinger, David W.},
  year = {2023},
  month = mar,
  journal = {Journal of Electronic Imaging},
  volume = {32},
  pages = {023018},
  issn = {1017-9909},
  doi = {10.1117/1.JEI.32.2.023018},
  urldate = {2023-08-07},
  abstract = {Substantial research has explored methods to optimize convolutional neural networks (CNNs) for tasks such as image classification and object detection, but research into the image quality drivers of computer vision performance has been limited. Additionally, there are indications that image degradations such as blur and noise affect human visual interpretation and machine interpretation differently. The general image quality equation (GIQE) predicts overhead image quality for human analysis using the National Image Interpretability Rating Scale, but no such model exists to predict image quality for interpretation by CNNs. Here, we assess the relationship between image quality variables and CNN performance. Specifically, we examine the impacts of resolution, blur, and noise on CNN performance for models trained with in-distribution and out-of-distribution distortions. Using two datasets, we observe that while generalization remains a significant challenge for CNNs faced with out-of-distribution image distortions, CNN performance against low visual quality images remains strong with appropriate training, indicating the potential to expand the design trade space for sensors providing data to computer vision systems. Additionally, we find that CNN performance predictions using the functional form of the GIQE can predict CNN performance as a function of image degradation, but we observe that the legacy form of the GIQE (from GIQE versions 3 and 4) does a better job of modeling the impact of blur/relative edge response in our experiments.},
  keywords = {blur,computer vision,convolutional neural network,deep learning,general image quality equation,image quality,noise,resolution},
  annotation = {ADS Bibcode: 2023JEI....32b3018B}
}

@book{besseNumerisationMasseVers2019,
  title = {Num\'erisation de Masse : Vers La Cr\'eation d'un Nouvel Acteur de l'information. {{Le}} Projet {{Time Machine}}},
  author = {Besse, Camille},
  year = {2019},
  publisher = {{\'Ecole nationale des chartes}},
  address = {{Paris}}
}

@misc{bishopDigitalArtHistory2017,
  type = {Text},
  title = {Against {{Digital Art History}}},
  author = {Bishop, Claire},
  year = {2017},
  month = mar,
  journal = {Franklin Humanities Institute},
  publisher = {{Franklin Humanities Institute}},
  urldate = {2023-08-01},
  abstract = {This article responds to two issues affecting the field of contemporary art history: digital technology and the so-called computational turn in the humanities.},
  copyright = {Creative Commons Attribution-NonCommercial-ShareAlike 4.0 International License},
  langid = {english},
  keywords = {art history,DH},
  file = {/home/jade/snap/zotero-snap/common/Zotero/storage/VN2ENVVH/digital-art-history.html}
}

@article{brachmannComputationalExperimentalApproaches2017,
  title = {Computational and {{Experimental Approaches}} to {{Visual Aesthetics}}},
  author = {Brachmann, Anselm and Redies, Christoph},
  year = {2017},
  journal = {Frontiers in Computational Neuroscience},
  volume = {11},
  issn = {1662-5188},
  urldate = {2023-08-01},
  abstract = {Aesthetics has been the subject of long-standing debates by philosophers and psychologists alike. In psychology, it is generally agreed that aesthetic experience results from an interaction between perception, cognition, and emotion. By experimental means, this triad has been studied in the field of experimental aesthetics, which aims to gain a better understanding of how aesthetic experience relates to fundamental principles of human visual perception and brain processes. Recently, researchers in computer vision have also gained interest in the topic, giving rise to the field of computational aesthetics. With computing hardware and methodology developing at a high pace, the modeling of perceptually relevant aspect of aesthetic stimuli has a huge potential. In this review, we present an overview of recent developments in computational aesthetics and how they relate to experimental studies. In the first part, we cover topics such as the prediction of ratings, style and artist identification as well as computational methods in art history, such as the detection of influences among artists or forgeries. We also describe currently used computational algorithms, such as classifiers and deep neural networks. In the second part, we summarize results from the field of experimental aesthetics and cover several isolated image properties that are believed to have a effect on the aesthetic appeal of visual stimuli. Their relation to each other and to findings from computational aesthetics are discussed. Moreover, we compare the strategies in the two fields of research and suggest that both fields would greatly profit from a joined research effort. We hope to encourage researchers from both disciplines to work more closely together in order to understand visual aesthetics from an integrated point of view.},
  keywords = {art history,DH,machine learning},
  file = {/home/jade/snap/zotero-snap/common/Zotero/storage/4DKWHUWL/Brachmann et Redies - 2017 - Computational and Experimental Approaches to Visua.pdf}
}

@article{brandhorstAbyWarburgWildest2013,
  title = {Aby {{Warburg}}'s Wildest Dreams Come True?},
  author = {Brandhorst, Hans},
  year = {2013},
  month = jun,
  journal = {Visual Resources},
  volume = {29},
  number = {1-2},
  pages = {72--88},
  issn = {0197-3762},
  doi = {10.1080/01973762.2013.761129},
  urldate = {2023-08-01},
  abstract = {In the midst of the "digital revolution," should we be pleased or disappointed about its effects in the field of art history? How does one answer this question, which is most likely premature and lacking in analytical acuity given what we know about art historical preferences and practices? But even if we accept the digital revolution as a broad concept to mean simply that image researchers have an unprecedented flood of reproductions at their fingertips, there is no question that we can still detect real feelings of unease about what this flood has brought us so far. This article takes a simple visual motif-one person carrying another-as a starting point for an iconographic exploration. In demonstrating and imagining how source material could be collected, arranged, and rearranged, it recalls in a general way the panels with photographs that Aby Warburg (1866-1929) set up to help him develop ideas and relationships in the process of his art historical research. If we could design easily accessible corpora of sources so that continuous rearrangement by visual motif and meaning were easy, and if we could seduce researchers and catalogers to cooperate in enriching them with more and better descriptions, tags, and links, the study of iconography could make a significant leap forward.},
  langid = {english},
  keywords = {art history,DH},
  file = {/home/jade/snap/zotero-snap/common/Zotero/storage/RWH8BY6L/Brandhorst - 2013 - Aby Warburg's wildest dreams come true.pdf}
}

@article{cannyComputationalApproachEdge1986,
  title = {A {{Computational Approach}} to {{Edge Detection}}},
  author = {Canny, John},
  year = {1986},
  month = nov,
  journal = {IEEE Transactions on Pattern Analysis and Machine Intelligence},
  volume = {PAMI-8},
  number = {6},
  pages = {679--698},
  issn = {1939-3539},
  doi = {10.1109/TPAMI.1986.4767851},
  abstract = {This paper describes a computational approach to edge detection. The success of the approach depends on the definition of a comprehensive set of goals for the computation of edge points. These goals must be precise enough to delimit the desired behavior of the detector while making minimal assumptions about the form of the solution. We define detection and localization criteria for a class of edges, and present mathematical forms for these criteria as functionals on the operator impulse response. A third criterion is then added to ensure that the detector has only one response to a single edge. We use the criteria in numerical optimization to derive detectors for several common image features, including step edges. On specializing the analysis to step edges, we find that there is a natural uncertainty principle between detection and localization performance, which are the two main goals. With this principle we derive a single operator shape which is optimal at any scale. The optimal detector has a simple approximate implementation in which edges are marked at maxima in gradient magnitude of a Gaussian-smoothed image. We extend this simple detector using operators of several widths to cope with different signal-to-noise ratios in the image. We present a general method, called feature synthesis, for the fine-to-coarse integration of information from operators at different scales. Finally we show that step edge detector performance improves considerably as the operator point spread function is extended along the edge.},
  keywords = {computer vision}
}

@book{cholletfrancoisApprentissageProfondAvec2020,
  title = {{L'apprentissage profond avec Python  / Fran\c{c}ois Chollet ; [traduction de l'anglais, Jacqueline Isabelle Forien]}},
  author = {{Chollet Fran\c{c}ois}},
  year = {2020},
  publisher = {{machinelearning.fr}},
  address = {{Saint-Cyr-sur-Loire}},
  abstract = {La couverture porte en plus : "Les meilleures pratiques" et "Les concepts fondamentaux de l'apprentissage profond, la classification d'images et le transfert d'apprentissage, l'apprentissage profond pour le texte et les s\'equences, le transfert de style, la g\'en\'eration de textes et d'images", Notes bibliogr. Index, "L'apprentissage automatique a fait des progr\`es remarquables au cours des derni\`eres ann\'ees. Nous sommes pass\'es d'une reconnaissance quasi inutilisable de la parole et des images \`a une pr\'ecision quasi humaine, de machines qui ne pouvaient pas battre un joueur de Go un peu exp\'eriment\'e \`a la d\'efaite d'un champion du monde. Derri\`ere ces progr\`es se cache l'apprentissage profond \rule{1em}{1pt} une combinaison d'avanc\'ees th\'eoriques et pratiques qui permet une multitude d'applications intelligentes jusque-l\`a impossibles \`a r\'ealiser.", Partie 1, Principes fondamentaux de l'apprentissage profond 1, Qu'est-ce que l'apprentissage profond ? 1.1 Intelligence artificielle, apprentissage automatique et apprentissage profond 1.2 Avant l'apprentissage profond : br\`eve histoire de l'apprentissage automatique 1.3 Pourquoi l'apprentissage profond ? Pourquoi maintenant ? 2, Pour commencer : les notions math\'ematiques des r\'eseaux de neurones 2.1 Premi\`ere approche d'un r\'eseau de neurones 2.2 Repr\'esentations de donn\'ees pour les r\'eseaux de neurones 2.3 Outils des r\'eseaux de neurones : les op\'erations de tenseurs 2.4 Le moteur des r\'eseaux de neurones : l'optimisation \`a base de gradient 2.5 Retour \`a notre premier exemple 2.6 R\'esum\'e du chapitre 3, Mise en \oe uvre des r\'eseaux de neurones sur des cas concrets 3.1 Anatomie d'un r\'eseau de neurones 3.2 Introduction \`a la biblioth\`eque logicielle Keras 3.3 Mise en route d'un poste de travail d'apprentissage profond 3.4 Classement des critiques de films : un exemple de classification binaire 3.5 Classification de fils de presse : un exemple de classification en plusieurs classes 3.6 Pr\'ediction du prix de l'immobilier : un exemple de r\'egression 3.7 R\'esum\'e du chapitre 4, Principes fondamentaux de l'apprentissage automatique 4.1 Quatre branches de l'apprentissage automatique 4.2 \'Evaluation des mod\`eles d'apprentissage automatique 4.3 Pr\'etraitement des donn\'ees, extraction des caract\'eristiques et apprentissage des caract\'eristiques 4.4 Sur-ajustement et sous-ajustement 4.5 Le d\'eroulement universel des t\^aches de l'apprentissage automatique 4.6 R\'esum\'e du chapitre Partie 2, L'apprentissage profond en pratique 5 L'apprentissage profond pour la vision par ordinateur 5.1 Introduction aux r\'eseaux de neurones convolutifs : les ConvNet 5.2 Entra\^inement d'un ConvNet \`a partir de z\'ero sur un petit jeu de donn\'ees 5.3 Utilisation d'un ConvNet pr\'e-entra\^in\'e 5.4 Visualisation des repr\'esentations apprises par les ConvNet 5.5 R\'esum\'e du chapitre 6 L'apprentissage profond pour les textes et les s\'equences 6.1 Traitement des donn\'ees textuelles 6.2 Comprendre les r\'eseaux de neurones r\'ecurrents 6.3 Utilisation avanc\'ee des r\'eseaux de neurones r\'ecurrents 6.4 Traitement des s\'equences avec des r\'eseaux ConvNet 6.5 R\'esum\'e du chapitre 7 Les meilleures pratiques de l'apprentissage profond avanc\'e 7.1 Au-del\`a du mod\`ele s\'equentiel : l'API Fonctionnelle de Keras 7.2 Inspection et surveillance des mod\`eles \`a l'aide des callbacks de Keras et de TensorBoard 7.3 Comment tirer le meilleur parti de vos mod\`eles 7.4 R\'esum\'e du chapitre 8 L'apprentissage profond g\'en\'eratif 8.1 G\'en\'eration de texte avec un LSTM 8.2 L'algorithme DeepDream 8.3 Transfert de style neuronal 8.4 G\'en\'eration d'images avec des auto-encodeurs variationnels 8.5 Introduction aux r\'eseaux g\'en\'eratifs antagonistes 8.6 R\'esum\'e du chapitre 9 Conclusions 9.1 R\'evision des concepts cl\'es 9.2 Les limites de l'apprentissage profond 9.3 L'avenir de l'apprentissage profond 9.4 Rester \`a jour dans un domaine en \'evolution rapide 9.5 Derniers mots},
  collaborator = {{Forien Jacqueline Isabelle}},
  isbn = {978-2-491-67400-7},
  langid = {fre},
  keywords = {Apprentissage profond,machine learning,Python (langage de programmation)}
}

@incollection{claerrModeEmploi2017,
  title = {{Mode d'emploi}},
  booktitle = {{Num\'eriser et mettre en ligne}},
  author = {Claerr, Thierry and Westeel, Isabelle},
  year = {2017},
  series = {{La Bo\^ite \`a outils}},
  pages = {7--18},
  publisher = {{Presses de l'enssib}},
  address = {{Villeurbanne}},
  doi = {10.4000/books.pressesenssib.419},
  urldate = {2023-08-06},
  copyright = {https://www.openedition.org/12554},
  isbn = {978-2-37546-032-0},
  langid = {french},
  keywords = {biblioth\`eques,\'edition,num\'erique,num\'erisation},
  file = {/home/jade/snap/zotero-snap/common/Zotero/storage/TS4BD2WB/Claerr et Westeel - 2017 - Mode d’emploi.pdf}
}

@inproceedings{crowleyArtDetection2016,
  title = {The {{Art}} of {{Detection}}},
  booktitle = {Computer {{Vision}} \textendash{} {{ECCV}} 2016 {{Workshops}}},
  author = {Crowley, Elliot J. and Zisserman, Andrew},
  editor = {Hua, Gang and J{\'e}gou, Herv{\'e}},
  year = {2016},
  volume = {9913},
  pages = {721--737},
  publisher = {{Springer International Publishing}},
  address = {{Cham}},
  doi = {10.1007/978-3-319-46604-0_50},
  urldate = {2023-08-01},
  abstract = {The objective of this work is to recognize object categories in paintings, such as cars, cows and cathedrals. We achieve this by training classifiers from natural images of the objects. We make the following contributions: (i) we measure the extent of the domain shift problem for image-level classifiers trained on natural images vs paintings, for a variety of CNN architectures; (ii) we demonstrate that classification-by-detection (i.e. learning classifiers for regions rather than the entire image) recognizes (and locates) a wide range of small objects in paintings that are not picked up by image-level classifiers, and combining these two methods improves performance; and (iii) we develop a system that learns a region-level classifier on-the-fly for an object category of a user's choosing, which is then applied to over 60 million object regions across 210,000 paintings to retrieve localised instances of that category.},
  isbn = {978-3-319-46603-3 978-3-319-46604-0},
  langid = {english},
  keywords = {computer vision},
  file = {/home/jade/snap/zotero-snap/common/Zotero/storage/QX3BSFBX/Crowley et Zisserman - 2016 - The Art of Detection.pdf}
}

@misc{denoyelleProposCoutImages2021,
  type = {{Billet}},
  title = {{A propos du co\^ut des images d'\oe uvres patrimoniales}},
  author = {Denoyelle, Martine},
  year = {2021},
  month = jun,
  journal = {Num\'erique et recherche en histoire de l'art},
  urldate = {2023-08-06},
  abstract = {Ce billet est publi\'e sur le carnet Numrha dans le cadre de la parution du~guide pratique pour la recherche et la r\'eutilisation des images d'oeuvres d'art.~Le pr\'esent billet compl\`ete les...},
  langid = {french},
  file = {/home/jade/snap/zotero-snap/common/Zotero/storage/RP5HXRX4/2142.html}
}

@misc{denoyelleSavoirLicenceEtalab2021,
  type = {{Billet}},
  title = {{En savoir plus sur la licence Etalab et les autres licences}},
  author = {Denoyelle, Martine},
  year = {2021},
  month = jun,
  journal = {Num\'erique et recherche en histoire de l'art},
  urldate = {2023-08-06},
  abstract = {Ce billet est publi\'e sur le carnet~Numrha~dans le cadre de la parution du~guide pratique pour la recherche et la r\'eutilisation des images d'oeuvres d'art.~Le pr\'esent billet compl\`ete le chapitre 3...},
  langid = {french},
  file = {/home/jade/snap/zotero-snap/common/Zotero/storage/7G5RQ8KB/2134.html}
}

@article{deyoungEditingCollectionDiagrams2014,
  title = {Editing a {{Collection}} of {{Diagrams Ascribed}} to {{Al-\d{H}ajj\=aj}}: {{An Initial Case Study}}},
  author = {De Young, Gregg},
  year = {2014},
  journal = {SCIAMVS},
  volume = {15},
  pages = {171--238},
  keywords = {DH,edition,histoire de l'astronomie}
}

@misc{DigitalImages2020,
  title = {Digital {{Images}}},
  year = {2020},
  urldate = {2023-08-07},
  howpublished = {https://livecode.byu.edu/images/DigitalImages.php},
  file = {/home/jade/snap/zotero-snap/common/Zotero/storage/DNQAAKS8/DigitalImages.html}
}

@book{eastwoodPlanetaryDiagramsRoman2004,
  title = {Planetary Diagrams for {{Roman}} Astronomy in Medieval {{Europe}}, ca. 800-1500},
  author = {Eastwood, Bruce S.},
  year = {2004},
  publisher = {{American Philosophical Society}},
  address = {{Philadelphia}},
  keywords = {histoire de l'astronomie}
}

@book{eastwoodRevivalPlanetaryAstronomy2018,
  title = {The Revival of Planetary Astronomy in {{Carolingian}} and Post-{{Carolingian Europe}}},
  author = {Eastwood, Bruce Stansfield},
  year = {2018},
  series = {Routledge Revivals;  {{Variorum}} Collected Studies Series ,  {{CS729}}},
  edition = {[Facsimile ed},
  publisher = {{Routledge}},
  address = {{London New York}},
  isbn = {978-1-138-73192-9},
  langid = {english},
  lccn = {Tolbiac - Rez de Jardin - Sciences et technique - Salle R - Libre acc\`es - 520.901 EAST r},
  nationality = {GB},
  keywords = {histoire de l'astronomie},
  annotation = {ill. 23 cm. Recueil d'articles parus dans diverses revues et publications entre 1983 et 2000. Notes bibliogr.}
}

@incollection{evansHistoryAstronomy,
  title = {History of {{Astronomy}}},
  booktitle = {Encyclopedia {{Britannica}}},
  author = {Evans, James},
  urldate = {2023-08-03},
  abstract = {astronomy - Astronomy - Ancient Greece, Stars, Planets: Astronomy is present from the beginning of Greek literature. In Homer's Iliad and Odyssey, stars and constellations are mentioned, including Orion, the Great Bear (Ursa Major), Bo\"otes, Sirius, and the Pleiades. More-detailed astronomical knowledge is found in Hesiod's Works and Days, from perhaps a generation later than Homer. Hesiod used the appearances and disappearances of important fixed stars in the course of the annual cycle in order to prescribe the work to be done around the farm or the seasons for safe sailing. Much of the astronomical knowledge in Hesiod paralleled the knowledge of the contemporary Babylonians, but the Greeks},
  langid = {english},
  keywords = {histoire de l'astronomie},
  file = {/home/jade/snap/zotero-snap/common/Zotero/storage/3GQIBHNR/Ancient-Greece.html}
}

@article{falomirCategorizingPaintingsArt2018,
  title = {Categorizing Paintings in Art Styles Based on Qualitative Color Descriptors, Quantitative Global Features and Machine Learning ({{QArt-Learn}})},
  author = {Falomir, Zoe and Museros, Lled{\'o} and Sanz, Ismael and {Gonzalez-Abril}, Luis},
  year = {2018},
  month = may,
  journal = {Expert Systems with Applications},
  volume = {97},
  pages = {83--94},
  issn = {0957-4174},
  doi = {10.1016/j.eswa.2017.11.056},
  urldate = {2023-08-01},
  abstract = {The QArt-Learn approach for style painting categorization based on Qualitative Color Descriptors (QCD), color similarity (SimQCD), and quantitative global features (i.e. average of brightness, hue, saturation and lightness and brightness contrast) is presented in this paper. k-Nearest Neighbor (k-NN) and support vector machine (SVM) techniques have been used for learning the features of paintings from the Baroque, Impressionism and Post-Impressionism styles. Specifically two classifiers are built, and two different parameterizations have been applied for the QCD. For testing QArt-Learn approach, the Painting-91 dataset has been used, from which the paintings corresponding to Vel\'azquez, Vermeer, Monet, Renoir, van Gogh and Gauguin were extracted, resulting in a set of 252 paintings. The results obtained have shown categorization accuracies higher than 65\%, which are comparable to accuracies obtained in the literature. However, QArt-Learn uses qualitative color names which can describe style color palettes linguistically, so that they can be better understood by non-experts in art since QCDs are aligned with human perception.},
  langid = {english},
  keywords = {art history,computer vision,DH},
  file = {/home/jade/snap/zotero-snap/common/Zotero/storage/98JET9D2/S0957417417308126.html}
}

@inproceedings{fokaComputerVisionApplications2021,
  title = {Computer {{Vision Applications}} for {{Art History}}: {{Reflections}} and Paradigms for Future Research},
  shorttitle = {Computer {{Vision Applications}} for {{Art History}}},
  booktitle = {Proceedings of {{EVA London}} 2021},
  author = {Foka, Amalia F.},
  year = {2021},
  month = jul,
  pages = {73--80},
  publisher = {{BCS Learning \& Development}},
  doi = {10.14236/ewic/EVA2021.12},
  urldate = {2023-08-01},
  abstract = {{$<$}p class="first" id="d1036819e63"{$>$}One of the contributing factors to the continuing debate among art historians over the use of computational methods in art history research is that they do not consider the core of today's art history research questions. The lack of close collaboration between the two involved research communities makes the definition of contemporary art-historical methods as well-defined computer vision problems extremely difficult. For that purpose, it is devised as a methodology to study articles in art history journals from a computer science perspective. The objective is to identify which image features art historians utilise within their research and describe them in immediate and meaningful terms to the computer vision research community. Finally, some paradigms that could serve as a new starting point for exploring how computer vision applications for art history can address the core of today's art history research are given. {$<$}/p{$>$}},
  keywords = {art history,computer vision,DH},
  file = {/home/jade/snap/zotero-snap/common/Zotero/storage/LX3GPZTH/Foka - 2021 - Computer Vision Applications for Art History Refl.pdf}
}

@book{hamburgerDiagramParadigmCrossCultural2022,
  title = {The {{Diagram}} as {{Paradigm}}: {{Cross-Cultural Approaches}}},
  shorttitle = {The {{Diagram}} as {{Paradigm}}},
  editor = {Hamburger, Jeffrey F. and Roxburgh, David J. and Safran, Linda},
  year = {2022},
  month = sep,
  series = {Dumbarton {{Oaks Byzantine Symposia}} and {{Colloquia}}},
  publisher = {{Harvard University Press}},
  address = {{Cambridge, MA}},
  abstract = {The Diagram as Paradigm is the first book that looks at medieval diagrams in a cross-cultural perspective, focusing on three regions\textemdash Byzantium, the Islamicate world, and the Latin West\textemdash each culturally diverse and each closely linked to the others through complex processes of intellectual, artistic, diplomatic, and mercantile exchange. The volume unites case studies, often of little-known material, by an international set of specialists, and is prefaced by four introductory essays that provide broad overviews of diagrammatic traditions in these regions in addition to considering the theoretical dimensions of diagramming. Among the historical disciplines whose use of diagrams is explored are philosophy, theology, mysticism, music, medicine, mathematics, astronomy, and cosmology. Despite the sheer variety, ingenuity, and visual inventiveness of diagrams from the premodern world, in conception and practical use they often share many similarities, both in construction and application. Diagrams prove to be an essential part of the fabric of premodern intellectual, scientific, religious, artistic, and artisanal life.},
  isbn = {978-0-88402-486-6},
  keywords = {histoire de l'astronomie},
  file = {/home/jade/snap/zotero-snap/common/Zotero/storage/JNYJ9NV4/catalog.html}
}

@misc{institutnationaldhistoiredelartGuidePratiquePour,
  title = {Guide Pratique Pour La Recherche et La R\'eutilisation Des Images d'\oe uvres d'art},
  author = {{Institut national d'histoire de l'art}}
}

@misc{jacquotDecrireTranscrireDiffuser2017,
  type = {{Billet}},
  title = {{D\'ecrire, transcrire et diffuser un corpus documentaire h\'et\'erog\`ene : m\'ethodes, formats, outils}},
  shorttitle = {{D\'ecrire, transcrire et diffuser un corpus documentaire h\'et\'erog\`ene}},
  author = {Jacquot, Olivier},
  year = {2017},
  month = nov,
  journal = {Carnet de la recherche \`a la Biblioth\`eque nationale de France},
  urldate = {2023-08-06},
  abstract = {Dans le cadre du projet CORPUS, inscrit au plan quadriennal de la recherche 2016-2019 de la Biblioth\`eque nationale de France, un atelier ~intitul\'e \guillemotleft ~D\'ecrire, transcrire et diffuser un corpus documentaire h\'et\'erog\`ene : m\'ethodes, formats, outils~\guillemotright...},
  langid = {french},
  keywords = {DH,metadata},
  file = {/home/jade/snap/zotero-snap/common/Zotero/storage/SBUUZXXG/2214.html}
}

@article{jardineCriticalEditingEarlyModern2010,
  title = {Critical {{Editing}} of {{Early-Modern Astronomical Diagrams}}},
  author = {Jardine, Boris and Jardine, Nicholas},
  year = {2010},
  month = aug,
  journal = {Journal for the History of Astronomy},
  volume = {41},
  number = {3},
  pages = {393--414},
  publisher = {{SAGE Publications Ltd}},
  issn = {0021-8286},
  doi = {10.1177/002182861004100307},
  urldate = {2023-08-01},
  langid = {english},
  keywords = {edition,histoire de l'astronomie}
}

@incollection{jonesPtolemya,
  title = {Ptolemy},
  booktitle = {Encyclopedia {{Britannica}}},
  author = {Jones, Alexander Raymond},
  urldate = {2023-08-03},
  keywords = {histoire de l'astronomie}
}

@article{joyeux-prunelBasesDonneesGestion2018,
  title = {{Bases de donn\'ees et gestion de projets en humanit\'es num\'eriques}},
  author = {{Joyeux-Prunel}, B{\'e}atrice},
  year = {2018},
  month = feb,
  journal = {Biens Symboliques / Symbolic Goods. Revue de sciences sociales sur les arts, la culture et les id\'ees},
  number = {2},
  publisher = {{Presses Universitaires de Vincennces}},
  issn = {2490-9424},
  doi = {10.4000/bssg.242},
  urldate = {2023-08-06},
  abstract = {1. Comment est n\'e le projet de base de donn\'ees~? Le projet ARTL@S met \`a disposition des chercheur{$\cdot$}se{$\cdot$}s une base num\'erique de catalogues d'expositions partout dans le monde aux xixe et xxe si\`ecles. Les adresses contenues dans ces catalogues sont g\'eor\'ef\'erenc\'ees, quelles que soient les \'epoques et les g\'eographies. Cet outil est pens\'e pour permettre aussi bien des recherches monographiques qu'un travail sur les circulations des \oe uvres d'art, la construction des carri\`eres et des go\^uts dans ce proce...},
  copyright = {All rights reserved},
  langid = {french},
  keywords = {DH},
  file = {/home/jade/snap/zotero-snap/common/Zotero/storage/R537EZYH/Joyeux-Prunel - 2018 - Bases de données et gestion de projets en humanité.pdf}
}

@article{joyeux-prunelCeQueApproche2014,
  title = {{Ce que l'approche mondiale fait \`a l'histoire de l'art}},
  author = {{Joyeux-Prunel}, B{\'e}atrice},
  year = {2014},
  journal = {Romantisme},
  volume = {163},
  number = {1},
  pages = {63--78},
  publisher = {{Armand Colin}},
  address = {{Paris}},
  issn = {0048-8593},
  doi = {10.3917/rom.163.0063},
  urldate = {2023-08-06},
  abstract = {Les arts sont l'un des chantiers les plus importants pour le projet d'une histoire mondiale. Deux types d'approches dominent~: l'une, inspir\'ee par les probl\'ematiques postcoloniales~; l'autre, par le projet d'une histoire des circulations culturelles. Les historiens de l'art au XIXe si\`ecle ont en g\'en\'eral opt\'e pour une relecture transnationale de l'histoire de l'art, focalis\'ee sur l'\'etude des circulations artistiques et leurs effets. Cet article pr\'esente les principaux champs ouverts \`a la recherche sur la mondialisation artistique~: \'etude internationale du march\'e, reconstitution des conditions techniques et juridiques de circulation des \oe uvres, interrogations sur les m\'etissages et la g\'en\'etique transculturelle des \oe uvres et des go\^uts. On s'interroge enfin sur ce que l'approche mondiale fait \`a l'histoire de l'art comme discipline, et les renouvellements qu'elle appelle.},
  langid = {french},
  keywords = {art history},
  file = {/home/jade/snap/zotero-snap/common/Zotero/storage/KWGSG2L9/revue-romantisme-2014-1-page-63.html}
}

@article{klinkeBigImageData2016,
  title = {Big {{Image Data}} within the {{Big Picture}} of {{Art History}}},
  author = {Klinke, Harald},
  year = {2016},
  month = oct,
  journal = {International Journal for Digital Art History},
  number = {2},
  issn = {2363-5401},
  doi = {10.11588/dah.2016.2.33527},
  urldate = {2023-08-01},
  abstract = {The use of the computer in Art History is changing the approach towards our objects of research. Now, we are able to compute more images than a human can see in a lifetime. That, in turn, calls for a new definition of the role of the researcher and the tools being used. The access to large amounts of visual data stands in a tradition of conventional methods of Art History, but also augments them with quantity. This article proposes a theoretical model on which to build an understanding of the meta image with which we interactively derive our conclusions.},
  copyright = {Copyright (c) 2016 International Journal for Digital Art History},
  langid = {english},
  keywords = {art history,DH},
  file = {/home/jade/snap/zotero-snap/common/Zotero/storage/RE3A5PGA/Klinke - 2016 - Big Image Data within the Big Picture of Art Histo.pdf}
}

@article{mancaNouveauxDefisAgences2018,
  title = {{Les nouveaux d\'efis des agences photographiques des mus\'ees}},
  author = {Manca, Isabelle},
  year = {2018},
  month = jun,
  journal = {Le Journal Des Arts},
  urldate = {2023-08-06},
  abstract = {Contrairement \`a une id\'ee re\c{c}ue, les mus\'ees fran\c{c}ais ne sont pas plus frileux que la tr\`es grande majorit\'e de leurs confr\`eres \`a l'\'etranger pour diffuser largement sur Internet leurs collections. Ils ne veulent pas pour autant se priver de recettes.},
  langid = {french},
  file = {/home/jade/snap/zotero-snap/common/Zotero/storage/RMBUITBR/les-nouveaux-defis-des-agences-photographiques-des-musees-138076.html}
}

@misc{moiraghiExplorerCorpusImages2018,
  type = {{Billet}},
  title = {{Explorer des corpus d'images. L'IA au service du patrimoine}},
  author = {Moiraghi, Eleonora},
  year = {2018},
  month = apr,
  journal = {Carnet de la recherche \`a la Biblioth\`eque nationale de France},
  urldate = {2023-08-06},
  abstract = {Suite aux ateliers \guillemotleft{} D\'ecrire, transcrire et diffuser un corpus documentaire h\'et\'erog\`ene : m\'ethodes, formats, outils \guillemotright{} et \guillemotleft ~G\'eolocalisation et spatialisation de documents patrimoniaux~\guillemotright, une troisi\`eme demi-journ\'ee d'\'etude a \'et\'e organis\'ee dans le cadre du...},
  langid = {french},
  keywords = {art history,IA,machine learning,vision artificielle},
  file = {/home/jade/snap/zotero-snap/common/Zotero/storage/EA5XSUVW/2809.html}
}

@misc{monnierUnsupervisedLayeredImage2021,
  title = {Unsupervised {{Layered Image Decomposition}} into {{Object Prototypes}}},
  author = {Monnier, Tom and Vincent, Elliot and Ponce, Jean and Aubry, Mathieu},
  year = {2021},
  month = aug,
  number = {arXiv:2104.14575},
  eprint = {2104.14575},
  primaryclass = {cs},
  publisher = {{arXiv}},
  doi = {10.48550/arXiv.2104.14575},
  urldate = {2023-08-05},
  abstract = {We present an unsupervised learning framework for decomposing images into layers of automatically discovered object models. Contrary to recent approaches that model image layers with autoencoder networks, we represent them as explicit transformations of a small set of prototypical images. Our model has three main components: (i) a set of object prototypes in the form of learnable images with a transparency channel, which we refer to as sprites; (ii) differentiable parametric functions predicting occlusions and transformation parameters necessary to instantiate the sprites in a given image; (iii) a layered image formation model with occlusion for compositing these instances into complete images including background. By jointly learning the sprites and occlusion/transformation predictors to reconstruct images, our approach not only yields accurate layered image decompositions, but also identifies object categories and instance parameters. We first validate our approach by providing results on par with the state of the art on standard multi-object synthetic benchmarks (Tetrominoes, Multi-dSprites, CLEVR6). We then demonstrate the applicability of our model to real images in tasks that include clustering (SVHN, GTSRB), cosegmentation (Weizmann Horse) and object discovery from unfiltered social network images. To the best of our knowledge, our approach is the first layered image decomposition algorithm that learns an explicit and shared concept of object type, and is robust enough to be applied to real images.},
  archiveprefix = {arxiv},
  keywords = {computer vision},
  file = {/home/jade/snap/zotero-snap/common/Zotero/storage/FFZTA77T/Monnier et al. - 2021 - Unsupervised Layered Image Decomposition into Obje.pdf;/home/jade/snap/zotero-snap/common/Zotero/storage/SM5I5PZE/2104.html}
}

@misc{NumerisationBnF,
  title = {{La num\'erisation \`a la BnF}},
  journal = {BnF},
  urldate = {2023-08-06},
  howpublished = {https://www.bnf.fr/fr/la-numerisation-la-bnf},
  langid = {french},
  file = {/home/jade/snap/zotero-snap/common/Zotero/storage/UA9GEV4R/la-numerisation-la-bnf.html}
}

@misc{pollockComputersCanFind2014,
  title = {Computers Can Find Similarities between Paintings \textendash{} but Art History Is about so Much More},
  author = {Pollock, Griselda},
  year = {2014},
  month = aug,
  journal = {The Conversation},
  urldate = {2023-08-01},
  abstract = {Some computer scientists at Rutgers University in New Jersey have written a computer programme that finds connections between paintings and can even discover influences between artists, they claim. This\ldots},
  howpublished = {http://theconversation.com/computers-can-find-similarities-between-paintings-but-art-history-is-about-so-much-more-30752},
  langid = {english},
  keywords = {art history,computer vision}
}

@article{raynaudBuildingStemmaCodicum2014,
  title = {Building the Stemma Codicum from Geometric Diagrams: {{A}} Treatise on Optics by {{Ibn}} al-{{Haytham}} as a Test Case},
  shorttitle = {Building the Stemma Codicum from Geometric Diagrams},
  author = {Raynaud, Dominique},
  year = {2014},
  journal = {Archive for History of Exact Sciences},
  volume = {68},
  number = {2},
  eprint = {24569630},
  eprinttype = {jstor},
  pages = {207--239},
  publisher = {{Springer}},
  issn = {0003-9519},
  urldate = {2023-08-01},
  abstract = {In view of the progress made in recent decades in the fields of stemmatology and the analysis of geometric diagrams, the present article explores the possibility of establishing the stemma codicum of a handwritten tradition from geometric diagrams alone. This exploratory method is tested on Ibn al-Haytham's Epistle on the Shape of the Eclipse, because this work has not yet been issued in a critical edition. Separate stemmata were constructed on the basis of the diagrams and the text, and a comparison showed no major differences. The greater reliability of a stemma codicum constructed on the basis of the diagrams rather than the text of a mathematical work is discussed, and preliminary conclusions are drawn.},
  keywords = {edition,histoire de l'astronomie}
}

@article{richardProgrammeNumerisationBibliotheque1993,
  title = {{Le programme de num\'erisation de la Biblioth\`eque de France}},
  author = {Richard, Michel},
  year = {1993},
  journal = {Bulletin des biblioth\`eques de France},
  number = {3},
  pages = {53--63},
  urldate = {2023-08-06},
  abstract = {L'\'etablissement public charg\'e de la construction de la Biblioth\`eque de France a l'ambition de constituer d'importantes collections sur support num\'erique : textes, musique, images fixes. Il d\'eveloppe pour la consultation une station de travail, le poste de lecture assist\'ee par ordinateur (PLAO), permettant la recherche approfondie sur des textes structur\'es. Les documents num\'eris\'es seront transmissibles \`a distance au sein du r\'eseau des biblioth\`eques associ\'ees. Le coeur de la collection sera constitu\'e des oeuvres des auteurs classiques fran\c{c}ais et des ouvrages de r\'ef\'erence des sciences humaines et de l'histoire des sciences. Le caract\`ere exp\'erimental de ce programme a permis d'y associer plusieurs laboratoires de recherche.},
  langid = {french},
  keywords = {droit d'auteur,num\'erisation du patrimoine},
  file = {/home/jade/snap/zotero-snap/common/Zotero/storage/B5IR92ND/bbf-1993-03-0053-007.html}
}

@misc{rousseauEpicyclesPtolemee,
  title = {Epicycles de {{Ptol\'em\'ee}}},
  author = {Rousseau, Jean-Jacques},
  urldate = {2023-08-05},
  howpublished = {http://ressources.univ-lemans.fr/AccesLibre/UM/Pedago/physique/02/divers/ptolemee.html},
  keywords = {histoire de l'astronomie},
  file = {/home/jade/snap/zotero-snap/common/Zotero/storage/EQMDGAMU/ptolemee.html}
}

@misc{sakaiDigitizingDisparityMuseum2021,
  title = {Digitizing Disparity in the Museum. {{The}} Object-Based Research in the {{Tokyo National Museum}}},
  author = {Sakai, Akira},
  year = {2021},
  month = aug,
  journal = {University Heritage},
  urldate = {2023-08-06},
  abstract = {In May 2020, UNESCO and ICOM published two reports of studies about how the COVID-19 outbreak is affecting museums around the world. While UNESCO (2020, p. 6) highlights the serious digital divide between museums among regions, ICOM (2020, pp. 9-13) reported that many museums enhanced their digital activities during the lockdown. According to both reports, [\ldots ]},
  langid = {british},
  file = {/home/jade/snap/zotero-snap/common/Zotero/storage/IDRCS5EN/digitizing-disparity-in-the-museum-the-object-based-research-in-the-tokyo-national-museum.html}
}

@incollection{sepetjanRespecterDroitPropriete2017,
  title = {{Respecter le droit de la propri\'et\'e litt\'eraire et artistique}},
  booktitle = {{Num\'eriser et mettre en ligne}},
  author = {Sepetjan, Sophie},
  editor = {Claerr, Thierry and Westeel, Isabelle},
  year = {2017},
  series = {{La Bo\^ite \`a outils}},
  pages = {46--64},
  publisher = {{Presses de l'enssib}},
  address = {{Villeurbanne}},
  doi = {10.4000/books.pressesenssib.426},
  urldate = {2023-08-06},
  copyright = {https://www.openedition.org/12554},
  isbn = {978-2-37546-032-0},
  langid = {french},
  keywords = {biblioth\`eques,\'edition,num\'erique,num\'erisation},
  file = {/home/jade/snap/zotero-snap/common/Zotero/storage/QHA68L7H/Sepetjan - 2017 - Partie II. Respecter le droit de la propriété litt.pdf}
}

@misc{UsingComputerVision,
  title = {Using Computer Vision Tools for Historical Newspaper Analysis: {{SIAMESE}} and {{Europeana Newspapers}}},
  shorttitle = {Using Computer Vision Tools for Historical Newspaper Analysis},
  journal = {Europeana PRO},
  urldate = {2023-08-01},
  abstract = {An interview with Melvin Wevers, Digital Humanities researcher at KNAW, and Clemens Neudecker, coordinator of Europeana Newspapers},
  howpublished = {https://pro.europeana.eu/post/using-computer-vision-tools-for-historical-newspaper-analysis-siamese-and-europeana-newspapers},
  langid = {english},
  keywords = {computer vision,DH},
  file = {/home/jade/snap/zotero-snap/common/Zotero/storage/3U2T74KU/using-computer-vision-tools-for-historical-newspaper-analysis-siamese-and-europeana-newspapers.html}
}
