@book{apollonDigitalCriticalEditions2014,
  title = {{Digital Critical Editions}},
  author = {Apollon, Daniel and Belisle, Claire and Regnier, Philippe},
  year = {2014},
  month = jun,
  publisher = {{University of Illinois Press}},
  address = {{Urbana Chicaco Sprinfgield}},
  abstract = {Provocative yet sober,  Digital Critical Editions examines how transitioning from print to a digital milieu deeply affects how scholars deal with the work of editing critical texts. On one hand, forces like changing technology and evolving reader expectations lead to the development of specific editorial products, while on the other hand, they threaten traditional forms of knowledge and methods of textual scholarship.Using the experiences of philologists, text critics, text encoders, scientific editors, and media analysts, Digital Critical Editions ranges from philology in ancient Alexandria to the vision of user-supported online critical editing, from peer-directed texts distributed to a few to community-edited products shaped by the many. The authors discuss the production and accessibility of documents, the emergence of tools used in scholarly work, new editing regimes, and how the readers' expectations evolve as they navigate digital texts. The goal: exploring questions such as, What kind of text is produced? Why is it produced in this particular way?Digital Critical Editions provides digital editors, researchers, readers, and technological actors with insights for addressing disruptions that arise from the clash of traditional and digital cultures, while also offering a practical roadmap for processing traditional texts and collections with today's state-of-the-art editing and research techniques thus addressing readers' new emerging reading habits.},
  isbn = {978-0-252-03840-2},
  langid = {Anglais},
  keywords = {DH}
}

@misc{bishopDigitalArtHistory2017,
  type = {Text},
  title = {Against {{Digital Art History}}},
  author = {Bishop, Claire},
  year = {2017},
  month = mar,
  journal = {Franklin Humanities Institute},
  publisher = {{Franklin Humanities Institute}},
  url = {https://humanitiesfutures.org/papers/digital-art-history/},
  urldate = {2023-08-01},
  abstract = {This article responds to two issues affecting the field of contemporary art history: digital technology and the so-called computational turn in the humanities.},
  copyright = {Creative Commons Attribution-NonCommercial-ShareAlike 4.0 International License},
  langid = {english},
  keywords = {DH},
  file = {/home/jade/snap/zotero-snap/common/Zotero/storage/VN2ENVVH/digital-art-history.html}
}

@article{brandhorstAbyWarburgWildest2013,
  title = {Aby {{Warburg}}'s Wildest Dreams Come True?},
  author = {Brandhorst, Hans},
  year = {2013},
  month = jun,
  journal = {Visual Resources},
  volume = {29},
  number = {1-2},
  pages = {72--88},
  issn = {0197-3762},
  doi = {10.1080/01973762.2013.761129},
  url = {https://repub.eur.nl/pub/40363},
  urldate = {2023-08-01},
  abstract = {In the midst of the "digital revolution," should we be pleased or disappointed about its effects in the field of art history? How does one answer this question, which is most likely premature and lacking in analytical acuity given what we know about art historical preferences and practices? But even if we accept the digital revolution as a broad concept to mean simply that image researchers have an unprecedented flood of reproductions at their fingertips, there is no question that we can still detect real feelings of unease about what this flood has brought us so far. This article takes a simple visual motif-one person carrying another-as a starting point for an iconographic exploration. In demonstrating and imagining how source material could be collected, arranged, and rearranged, it recalls in a general way the panels with photographs that Aby Warburg (1866-1929) set up to help him develop ideas and relationships in the process of his art historical research. If we could design easily accessible corpora of sources so that continuous rearrangement by visual motif and meaning were easy, and if we could seduce researchers and catalogers to cooperate in enriching them with more and better descriptions, tags, and links, the study of iconography could make a significant leap forward.},
  langid = {english},
  keywords = {DH},
  file = {/home/jade/snap/zotero-snap/common/Zotero/storage/RWH8BY6L/Brandhorst - 2013 - Aby Warburg's wildest dreams come true.pdf}
}

@misc{donovanHowAIHelping2023,
  title = {How {{AI}} Is Helping Historians Better Understand Our Past},
  author = {Donovan, Moira},
  year = {2023},
  month = apr,
  journal = {MIT Technology Review},
  url = {https://www.technologyreview.com/2023/04/11/1071104/ai-helping-historians-analyze-past/},
  urldate = {2023-08-10},
  abstract = {The historians of tomorrow are using computer science to analyze how people lived centuries ago.},
  langid = {english},
  keywords = {DH},
  file = {/home/jade/snap/zotero-snap/common/Zotero/storage/U94RDPUQ/ai-helping-historians-analyze-past.html}
}

@misc{jacquotDecrireTranscrireDiffuser2017,
  type = {{Billet}},
  title = {{D\'ecrire, transcrire et diffuser un corpus documentaire h\'et\'erog\`ene : m\'ethodes, formats, outils}},
  shorttitle = {{D\'ecrire, transcrire et diffuser un corpus documentaire h\'et\'erog\`ene}},
  author = {Jacquot, Olivier},
  year = {2017},
  month = nov,
  journal = {Carnet de la recherche \`a la Biblioth\`eque nationale de France},
  url = {https://bnf.hypotheses.org/2214},
  urldate = {2023-08-06},
  abstract = {Dans le cadre du projet CORPUS, inscrit au plan quadriennal de la recherche 2016-2019 de la Biblioth\`eque nationale de France, un atelier ~intitul\'e \guillemotleft ~D\'ecrire, transcrire et diffuser un corpus documentaire h\'et\'erog\`ene : m\'ethodes, formats, outils~\guillemotright...},
  langid = {french},
  keywords = {DH},
  file = {/home/jade/snap/zotero-snap/common/Zotero/storage/SBUUZXXG/2214.html}
}

@article{joyeux-prunelBasesDonneesGestion2018,
  title = {{Bases de donn\'ees et gestion de projets en humanit\'es num\'eriques}},
  author = {{Joyeux-Prunel}, B{\'e}atrice},
  year = {2018},
  month = feb,
  journal = {Biens Symboliques / Symbolic Goods. Revue de sciences sociales sur les arts, la culture et les id\'ees},
  number = {2},
  publisher = {{Presses Universitaires de Vincennces}},
  issn = {2490-9424},
  doi = {10.4000/bssg.242},
  url = {https://journals.openedition.org/bssg/242?lang=en},
  urldate = {2023-08-06},
  abstract = {1. Comment est n\'e le projet de base de donn\'ees~? Le projet ARTL@S met \`a disposition des chercheur{$\cdot$}se{$\cdot$}s une base num\'erique de catalogues d'expositions partout dans le monde aux xixe et xxe si\`ecles. Les adresses contenues dans ces catalogues sont g\'eor\'ef\'erenc\'ees, quelles que soient les \'epoques et les g\'eographies. Cet outil est pens\'e pour permettre aussi bien des recherches monographiques qu'un travail sur les circulations des \oe uvres d'art, la construction des carri\`eres et des go\^uts dans ce proce...},
  copyright = {All rights reserved},
  langid = {french},
  keywords = {DH},
  file = {/home/jade/snap/zotero-snap/common/Zotero/storage/R537EZYH/Joyeux-Prunel - 2018 - Bases de données et gestion de projets en humanité.pdf}
}

@article{joyeux-prunelCeQueApproche2014,
  title = {{Ce que l'approche mondiale fait \`a l'histoire de l'art}},
  author = {{Joyeux-Prunel}, B{\'e}atrice},
  year = {2014},
  journal = {Romantisme},
  volume = {163},
  number = {1},
  pages = {63--78},
  publisher = {{Armand Colin}},
  address = {{Paris}},
  issn = {0048-8593},
  doi = {10.3917/rom.163.0063},
  url = {https://www.cairn.info/revue-romantisme-2014-1-page-63.htm},
  urldate = {2023-08-06},
  abstract = {Les arts sont l'un des chantiers les plus importants pour le projet d'une histoire mondiale. Deux types d'approches dominent~: l'une, inspir\'ee par les probl\'ematiques postcoloniales~; l'autre, par le projet d'une histoire des circulations culturelles. Les historiens de l'art au XIXe si\`ecle ont en g\'en\'eral opt\'e pour une relecture transnationale de l'histoire de l'art, focalis\'ee sur l'\'etude des circulations artistiques et leurs effets. Cet article pr\'esente les principaux champs ouverts \`a la recherche sur la mondialisation artistique~: \'etude internationale du march\'e, reconstitution des conditions techniques et juridiques de circulation des \oe uvres, interrogations sur les m\'etissages et la g\'en\'etique transculturelle des \oe uvres et des go\^uts. On s'interroge enfin sur ce que l'approche mondiale fait \`a l'histoire de l'art comme discipline, et les renouvellements qu'elle appelle.},
  langid = {french},
  keywords = {DH},
  file = {/home/jade/snap/zotero-snap/common/Zotero/storage/KWGSG2L9/revue-romantisme-2014-1-page-63.html}
}

@article{klinkeBigImageData2016,
  title = {Big {{Image Data}} within the {{Big Picture}} of {{Art History}}},
  author = {Klinke, Harald},
  year = {2016},
  month = oct,
  journal = {International Journal for Digital Art History},
  number = {2},
  issn = {2363-5401},
  doi = {10.11588/dah.2016.2.33527},
  url = {https://journals.ub.uni-heidelberg.de/index.php/dah/article/view/33527},
  urldate = {2023-08-01},
  abstract = {The use of the computer in Art History is changing the approach towards our objects of research. Now, we are able to compute more images than a human can see in a lifetime. That, in turn, calls for a new definition of the role of the researcher and the tools being used. The access to large amounts of visual data stands in a tradition of conventional methods of Art History, but also augments them with quantity. This article proposes a theoretical model on which to build an understanding of the meta image with which we interactively derive our conclusions.},
  copyright = {Copyright (c) 2016 International Journal for Digital Art History},
  langid = {english},
  keywords = {DH},
  file = {/home/jade/snap/zotero-snap/common/Zotero/storage/RE3A5PGA/Klinke - 2016 - Big Image Data within the Big Picture of Art Histo.pdf}
}

@misc{MachineLearningAlgorithm2014,
  title = {Machine {{Learning Algorithm Studying Fine Art Paintings Sees Things Art Historians Had Never Noticed}}},
  year = {2014},
  month = aug,
  journal = {The Physics arXiv Blog},
  url = {https://medium.com/the-physics-arxiv-blog/when-a-machine-learning-algorithm-studied-fine-art-paintings-it-saw-things-art-historians-had-never-b8e4e7bf7d3e},
  urldate = {2023-08-30},
  abstract = {Artificial intelligence reveals previously unrecognised influences between great artists},
  langid = {english},
  keywords = {DH},
  file = {/home/jade/snap/zotero-snap/common/Zotero/storage/ICJDHBGS/when-a-machine-learning-algorithm-studied-fine-art-paintings-it-saw-things-art-historians-had-n.html}
}

@misc{pollockComputersCanFind2014,
  title = {Computers Can Find Similarities between Paintings \textendash{} but Art History Is about so Much More},
  author = {Pollock, Griselda},
  year = {2014},
  month = aug,
  journal = {The Conversation},
  url = {http://theconversation.com/computers-can-find-similarities-between-paintings-but-art-history-is-about-so-much-more-30752},
  urldate = {2023-08-01},
  abstract = {Some computer scientists at Rutgers University in New Jersey have written a computer programme that finds connections between paintings and can even discover influences between artists, they claim. This\ldots},
  langid = {english},
  keywords = {DH}
}

@incollection{sinatraHistoireHumanitesNumeriques2014,
  title = {{Histoire des humanit\'es num\'eriques}},
  booktitle = {{Pratiques de l'\'edition num\'erique}},
  author = {Sinatra, Micha{\"e}l E. and {Vitali-Rosati}, Marcello},
  editor = {Sinatra, Michael E.},
  year = {2014},
  month = sep,
  series = {{Parcours num\'erique}},
  pages = {49--60},
  publisher = {{Presses de l'Universit\'e de Montr\'eal}},
  address = {{Montr\'eal}},
  doi = {10.4000/books.pum.317},
  url = {http://books.openedition.org/pum/317},
  urldate = {2023-08-30},
  copyright = {https://www.openedition.org/12554},
  isbn = {978-2-8218-5072-9},
  langid = {french},
  keywords = {DH},
  file = {/home/jade/snap/zotero-snap/common/Zotero/storage/5458CTQM/Sinatra et Vitali-Rosati - 2014 - Chapitre 3. Histoire des humanités numériques.pdf}
}
