@misc{APIRESTEst,
  title = {{Une API REST, c'est quoi ?}},
  url = {https://www.redhat.com/fr/topics/api/what-is-a-rest-api},
  urldate = {2023-08-27},
  abstract = {Une API REST est une interface de programmation d'application qui respecte les contraintes de l'architecture REST},
  langid = {french},
  keywords = {technique},
  file = {/home/jade/snap/zotero-snap/common/Zotero/storage/2F44WKB2/what-is-a-rest-api.html}
}

@article{baujardNumerisationPatrimoineCulturel2017,
  title = {{Num\'erisation du patrimoine culturel et strat\'egie manag\'eriale des mus\'ees}},
  author = {Baujard, Corinne},
  year = {2017},
  month = feb,
  journal = {Management des technologies organisationnelles},
  number = {7},
  pages = {69--78},
  publisher = {{Les Presses des Mines}},
  issn = {2553-3851},
  url = {https://www.cairn.info/revue-management-des-technologies-organisationnelles-2017-2-page-69.htm},
  urldate = {2023-08-06},
  abstract = {Ce septi\`eme volume de la revue MTO pr\'esente la particularit\'e de r\'eunir des textes centr\'es sur le th\`eme \guillemotleft ~d\'esordres num\'eriques~: incertitude et opportunit\'es~\guillemotright{} (dans la continuit\'e du volume 06), et des textes centr\'es sur le th\`eme \guillemotleft ~engagement des publics et des entreprises dans un environnement dynamique~: le r\^ole des r\'eseaux mondiaux~\guillemotright.Nous aurions pu organiser ce num\'ero en deux parties, mais il nous a sembl\'e plus int\'eressant de rassembler les textes sous une banni\`ere commune \guillemotleft ~num\'erique et organisations~\guillemotright{} tout en conservant l'organisation de notre revue en trois parties~: le point de vue de scientifiques de renom en cartes blanches, les contributions au th\`eme d\'evelopp\'e dans le volume, et un ensemble de textes issus du terrain.Bien entendu, nous conservons la particularit\'e de notre revue qui est de donner la parole aux chercheurs exp\'eriment\'es et aux chercheurs en devenir tels que les doctorants, ainsi qu'aux consultants et aux acteurs en entreprises. Dans tous les cas l'objectif est le m\^eme~: privil\'egier l'apport d'id\'ees nouvelles pour renforcer la comp\'etitivit\'e des entreprises},
  langid = {french},
  keywords = {technique},
  file = {/home/jade/snap/zotero-snap/common/Zotero/storage/PLQXSA74/revue-management-des-technologies-organisationnelles-2017-2-page-69.html}
}

@article{benhamouDroitAuteurMusees2016,
  title = {{Droit d'auteur et mus\'ees num\'eriques}},
  author = {Benhamou, Yaniv},
  year = {2016},
  month = jun,
  journal = {Magazine de l'OMPI},
  number = {3},
  url = {https://www.wipo.int/wipo_magazine/fr/2016/03/article_0005.html},
  urldate = {2023-08-06},
  langid = {french},
  keywords = {technique},
  file = {/home/jade/snap/zotero-snap/common/Zotero/storage/DDD977ER/article_0005.html}
}

@book{besseNumerisationMasseVers2019,
  title = {Num\'erisation de Masse : Vers La Cr\'eation d'un Nouvel Acteur de l'information. {{Le}} Projet {{Time Machine}}},
  author = {Besse, Camille},
  year = {2019},
  publisher = {{\'Ecole nationale des chartes}},
  address = {{Paris}},
  keywords = {technique}
}

@misc{brossaultQuEstceQu,
  title = {{Qu'est-ce qu'une API REST et quel est l'int\'er\^et ?}},
  author = {Brossault, B{\'e}n{\'e}dicte},
  url = {https://blog.hubspot.fr/website/api-rest},
  urldate = {2023-08-27},
  abstract = {Gr\^ace \`a une API REST, il est possible pour des logiciels qui n'utilisent pas le m\^eme syst\`eme d'exploitation d'interagir et de partager des informations.},
  langid = {fr, fr},
  keywords = {technique},
  file = {/home/jade/snap/zotero-snap/common/Zotero/storage/LRJJICKF/api-rest.html}
}

@incollection{claerrModeEmploi2017,
  title = {{Mode d'emploi}},
  booktitle = {{Num\'eriser et mettre en ligne}},
  author = {Claerr, Thierry and Westeel, Isabelle},
  year = {2017},
  series = {{La Bo\^ite \`a outils}},
  pages = {7--18},
  publisher = {{Presses de l'enssib}},
  address = {{Villeurbanne}},
  doi = {10.4000/books.pressesenssib.419},
  url = {http://books.openedition.org/pressesenssib/419},
  urldate = {2023-08-06},
  copyright = {https://www.openedition.org/12554},
  isbn = {978-2-37546-032-0},
  langid = {french},
  keywords = {technique},
  file = {/home/jade/snap/zotero-snap/common/Zotero/storage/TS4BD2WB/Claerr et Westeel - 2017 - Mode dâ€™emploi.pdf}
}

@misc{Corpus,
  title = {Corpus},
  journal = {VHS project},
  url = {https://vhs.hypotheses.org/corpus},
  urldate = {2023-08-09},
  abstract = {The work we will be carried out on on four original corpora selected first for their relevance to the problem of the circulation of scientific knowledge through illustration, and second for their chronological, geographical...},
  langid = {american},
  keywords = {technique},
  file = {/home/jade/snap/zotero-snap/common/Zotero/storage/NL7LSJDJ/corpus.html}
}

@misc{cramerInternationalImageInteroperability2011,
  title = {The {{International Image Interoperability Framework}} ({{IIIF}}): {{Laying}} the {{Foundation}} for {{Common Services}}, {{Integrated Resources}} and a {{Marketplace}} of {{Tools}} for {{Scholars Worldwide}}},
  shorttitle = {The {{International Image Interoperability Framework}} ({{IIIF}})},
  author = {Cramer, Tom},
  year = {2011},
  month = dec,
  journal = {CNI: Coalition for Networked Information},
  url = {https://www.cni.org/topics/information-access-retrieval/international-image-interoperability-framework},
  urldate = {2023-08-08},
  langid = {american},
  keywords = {technique},
  file = {/home/jade/snap/zotero-snap/common/Zotero/storage/7ZAC8MP7/international-image-interoperability-framework.html}
}

@misc{denoyelleProposCoutImages2021,
  type = {{Billet}},
  title = {{A propos du co\^ut des images d'\oe uvres patrimoniales}},
  author = {Denoyelle, Martine},
  year = {2021},
  month = jun,
  journal = {Num\'erique et recherche en histoire de l'art},
  url = {https://numrha.hypotheses.org/2142},
  urldate = {2023-08-06},
  abstract = {Ce billet est publi\'e sur le carnet Numrha dans le cadre de la parution du~guide pratique pour la recherche et la r\'eutilisation des images d'oeuvres d'art.~Le pr\'esent billet compl\`ete les...},
  langid = {french},
  keywords = {technique},
  file = {/home/jade/snap/zotero-snap/common/Zotero/storage/RP5HXRX4/2142.html}
}

@misc{denoyelleSavoirLicenceEtalab2021,
  type = {{Billet}},
  title = {{En savoir plus sur la licence Etalab et les autres licences}},
  author = {Denoyelle, Martine},
  year = {2021},
  month = jun,
  journal = {Num\'erique et recherche en histoire de l'art},
  url = {https://numrha.hypotheses.org/2134},
  urldate = {2023-08-06},
  abstract = {Ce billet est publi\'e sur le carnet~Numrha~dans le cadre de la parution du~guide pratique pour la recherche et la r\'eutilisation des images d'oeuvres d'art.~Le pr\'esent billet compl\`ete le chapitre 3...},
  langid = {french},
  keywords = {technique},
  file = {/home/jade/snap/zotero-snap/common/Zotero/storage/7G5RQ8KB/2134.html}
}

@misc{DigitalImages2020,
  title = {Digital {{Images}}},
  year = {2020},
  url = {https://livecode.byu.edu/images/DigitalImages.php},
  urldate = {2023-08-07},
  keywords = {technique},
  file = {/home/jade/snap/zotero-snap/common/Zotero/storage/DNQAAKS8/DigitalImages.html}
}

@misc{FastAPIFrameworkPython2023,
  title = {{FastAPI, le framework python alternatif \`a Django et Flask ?}},
  year = {2023},
  month = jun,
  journal = {Cr\'eateur de site internet - agence web WordPress},
  url = {https://www.agencedebord.com/blog/fastapi-le-framework-python-alternatif-a-django-et-flask},
  urldate = {2023-08-27},
  abstract = {Si vous \'evoquez d\'eveloppement web backend \`a notre \'equipe, il se peut que Django soit le premier mot que vous entendiez. Ce framework python nous permet en effet de mettre en place des projets importants tout en le couplant avec une application frontend. D'ailleurs Django est notre solution de pr\'edilection d\`es que nous voulons d\'evelopper [\ldots ]},
  langid = {french},
  keywords = {technique},
  file = {/home/jade/snap/zotero-snap/common/Zotero/storage/VDRFX8XX/fastapi-le-framework-python-alternatif-a-django-et-flask.html}
}

@misc{grinbergRESTfulAuthenticationFlask,
  title = {{{RESTful Authentication}} with {{Flask}}},
  author = {Grinberg, Miguel},
  url = {http://blog.miguelgrinberg.com/post/restful-authentication-with-flask},
  urldate = {2023-08-27},
  abstract = {This article is the fourth in my series on RESTful APIs. Today I will be showing you a simple, yet secure way to protect a Flask based API with password or token based authentication.This article\ldots},
  langid = {english},
  keywords = {technique},
  file = {/home/jade/snap/zotero-snap/common/Zotero/storage/4CSIVACK/restful-authentication-with-flask.html}
}

@misc{GuidePratiquePour,
  title = {Guide Pratique Pour La Recherche et La R\'eutilisation Des Images d'\oe uvres d'art},
  publisher = {{Institut nationale d'histoire de l'art}},
  url = {https://www.inha.fr/_resources/PDF/2021/2021_LIVRET_GUIDE-PRATIQUE_web_15062021.pdf},
  keywords = {technique}
}

@misc{HowAuthenticateFlask,
  title = {How {{To Authenticate Flask API Using JWT}}},
  journal = {LoginRadius Blog},
  url = {https://www.loginradius.com/blog/engineering/guest-post/securing-flask-api-with-jwt/},
  urldate = {2023-08-27},
  abstract = {This tutorial helps you build a simple Flask API and demonstrates how to secure it using JWT. In the end, you can test your API authentication using a sample schema.},
  langid = {english},
  keywords = {technique},
  file = {/home/jade/snap/zotero-snap/common/Zotero/storage/9EBZWZFM/securing-flask-api-with-jwt.html}
}

@misc{HowItWorks,
  title = {How {{It Works}}},
  url = {https://iiif.io/get-started/how-iiif-works/},
  urldate = {2023-08-08},
  abstract = {IIIF is a set of open standards for delivering high-quality, attributed digital objects online at scale. It's also an international community developing and implementing the IIIF APIs. IIIF is backed by a consortium of leading cultural institutions.},
  langid = {english},
  keywords = {technique},
  file = {/home/jade/snap/zotero-snap/common/Zotero/storage/DAB6RRVW/how-iiif-works.html}
}

@misc{IIIFMuseumsFrance2023,
  title = {{{IIIF}} for Museums in {{France}}},
  year = {2023},
  month = jul,
  url = {https://www.culture.gouv.fr/en/Thematic/Museums/Pour-les-professionnels/Network/IIIF-for-museums-in-France},
  urldate = {2023-08-09},
  abstract = {IIIF (International Image Interoperability Framework) is a community and common technical framework for the dissemination and manipulation of digital images on the Web. Museums in France, major producers and collectors of images and heritage data, have every interest in exploring the many functional},
  langid = {british},
  keywords = {technique},
  file = {/home/jade/snap/zotero-snap/common/Zotero/storage/IM4LL8GV/IIIF-for-museums-in-France.html}
}

@misc{IIIFViewers,
  title = {{{IIIF Viewers}}},
  url = {https://iiif.io/get-started/iiif-viewers/},
  urldate = {2023-08-08},
  abstract = {IIIF is a set of open standards for delivering high-quality, attributed digital objects online at scale. It's also an international community developing and implementing the IIIF APIs. IIIF is backed by a consortium of leading cultural institutions.},
  langid = {english},
  keywords = {technique},
  file = {/home/jade/snap/zotero-snap/common/Zotero/storage/LNTVIBR5/iiif-viewers.html}
}

@misc{ImageAPI,
  title = {Image {{API}} 3.0},
  url = {https://iiif.io/api/image/3.0/},
  urldate = {2023-08-08},
  abstract = {IIIF is a set of open standards for delivering high-quality digital objects online at scale. It's also the international community that makes it all work.},
  langid = {english},
  keywords = {technique},
  file = {/home/jade/snap/zotero-snap/common/Zotero/storage/HPPKYNR3/2.1.html}
}

@misc{LeibnizOnlineLeibnizEdition,
  title = {Leibniz {{Online}} - {{Leibniz-Edition Berlin}}},
  url = {https://leibniz-berlin.bbaw.de/de/leibniz-online},
  urldate = {2023-08-31}
}

@misc{malloryIIIFMuseumsExplained2019,
  title = {{{IIIF}} for Museums, Explained},
  author = {Mallory, Gavin},
  year = {2019},
  month = jul,
  journal = {Medium},
  url = {https://blog.cogapp.com/iiif-for-museums-explained-49fd0560e1ba},
  urldate = {2023-08-09},
  abstract = {What IIIF is; who's using it; and why you should consider it},
  langid = {english},
  keywords = {technique},
  file = {/home/jade/snap/zotero-snap/common/Zotero/storage/KAEQVKZM/iiif-for-museums-explained-49fd0560e1ba.html}
}

@article{mancaNouveauxDefisAgences2018,
  title = {{Les nouveaux d\'efis des agences photographiques des mus\'ees}},
  author = {Manca, Isabelle},
  year = {2018},
  month = jun,
  journal = {Le Journal Des Arts},
  url = {https://www.lejournaldesarts.fr/patrimoine/les-nouveaux-defis-des-agences-photographiques-des-musees-138076},
  urldate = {2023-08-06},
  abstract = {Contrairement \`a une id\'ee re\c{c}ue, les mus\'ees fran\c{c}ais ne sont pas plus frileux que la tr\`es grande majorit\'e de leurs confr\`eres \`a l'\'etranger pour diffuser largement sur Internet leurs collections. Ils ne veulent pas pour autant se priver de recettes.},
  langid = {french},
  keywords = {technique},
  file = {/home/jade/snap/zotero-snap/common/Zotero/storage/RMBUITBR/les-nouveaux-defis-des-agences-photographiques-des-musees-138076.html}
}

@misc{NumerisationBnF,
  title = {{La num\'erisation \`a la BnF}},
  journal = {BnF},
  url = {https://www.bnf.fr/fr/la-numerisation-la-bnf},
  urldate = {2023-08-06},
  langid = {french},
  keywords = {technique},
  file = {/home/jade/snap/zotero-snap/common/Zotero/storage/UA9GEV4R/la-numerisation-la-bnf.html}
}

@misc{PresentationAPI,
  title = {Presentation {{API}} 3.0},
  url = {https://iiif.io/api/presentation/3.0/},
  urldate = {2023-08-08},
  abstract = {IIIF is a set of open standards for delivering high-quality digital objects online at scale. It's also the international community that makes it all work.},
  langid = {english},
  keywords = {technique},
  file = {/home/jade/snap/zotero-snap/common/Zotero/storage/F7D6NF7K/3.0.html}
}

@article{richardProgrammeNumerisationBibliotheque1993,
  title = {{Le programme de num\'erisation de la Biblioth\`eque de France}},
  author = {Richard, Michel},
  year = {1993},
  journal = {Bulletin des biblioth\`eques de France},
  number = {3},
  pages = {53--63},
  url = {https://bbf.enssib.fr/consulter/bbf-1993-03-0053-007},
  urldate = {2023-08-06},
  abstract = {L'\'etablissement public charg\'e de la construction de la Biblioth\`eque de France a l'ambition de constituer d'importantes collections sur support num\'erique : textes, musique, images fixes. Il d\'eveloppe pour la consultation une station de travail, le poste de lecture assist\'ee par ordinateur (PLAO), permettant la recherche approfondie sur des textes structur\'es. Les documents num\'eris\'es seront transmissibles \`a distance au sein du r\'eseau des biblioth\`eques associ\'ees. Le coeur de la collection sera constitu\'e des oeuvres des auteurs classiques fran\c{c}ais et des ouvrages de r\'ef\'erence des sciences humaines et de l'histoire des sciences. Le caract\`ere exp\'erimental de ce programme a permis d'y associer plusieurs laboratoires de recherche.},
  langid = {french},
  keywords = {technique},
  file = {/home/jade/snap/zotero-snap/common/Zotero/storage/B5IR92ND/bbf-1993-03-0053-007.html}
}

@misc{ronseInvarianceParTranslations,
  title = {Invariance Par Translations},
  author = {Ronse, Christian},
  url = {https://dpt-info.u-strasbg.fr/~cronse/TIDOC/SYM/invtr.html},
  urldate = {2023-08-15},
  keywords = {technique},
  file = {/home/jade/snap/zotero-snap/common/Zotero/storage/CL6MWKDA/invtr.html}
}

@misc{sajjanshettyDeployingPyTorchPython,
  title = {Deploying {{PyTorch}} in {{Python}} via a {{REST API}} with {{Flask}} \textemdash{} {{PyTorch Tutorials}} 2.0.1+cu117 Documentation},
  author = {Sajjanshetty, Avinash},
  url = {https://pytorch.org/tutorials/intermediate/flask_rest_api_tutorial.html},
  urldate = {2023-08-27},
  keywords = {technique},
  file = {/home/jade/snap/zotero-snap/common/Zotero/storage/ITDA5NDB/flask_rest_api_tutorial.html}
}

@misc{sakaiDigitizingDisparityMuseum2021,
  title = {Digitizing Disparity in the Museum. {{The}} Object-Based Research in the {{Tokyo National Museum}}},
  author = {Sakai, Akira},
  year = {2021},
  month = aug,
  journal = {University Heritage},
  url = {https://universityheritage.eu/en/digitizing-disparity-in-the-museum-the-object-based-research-in-the-tokyo-national-museum/},
  urldate = {2023-08-06},
  abstract = {In May 2020, UNESCO and ICOM published two reports of studies about how the COVID-19 outbreak is affecting museums around the world. While UNESCO (2020, p. 6) highlights the serious digital divide between museums among regions, ICOM (2020, pp. 9-13) reported that many museums enhanced their digital activities during the lockdown. According to both reports, [\ldots ]},
  langid = {british},
  keywords = {technique},
  file = {/home/jade/snap/zotero-snap/common/Zotero/storage/IDRCS5EN/digitizing-disparity-in-the-museum-the-object-based-research-in-the-tokyo-national-museum.html}
}

@misc{sandyChoosingDjangoFlask,
  title = {Choosing between {{Django}}, {{Flask}}, and {{FastAPI}}},
  author = {Sandy, James},
  journal = {Engineering Education (EngEd) Program | Section},
  url = {https://www.section.io/engineering-education/choosing-between-django-flask-and-fastapi/},
  urldate = {2023-08-27},
  abstract = {This article will highlight some features that will enable a beginner to make an informed decision between Django, Flask, or Fast API.},
  langid = {american},
  keywords = {technique},
  file = {/home/jade/snap/zotero-snap/common/Zotero/storage/5288VXUH/choosing-between-django-flask-and-fastapi.html}
}

@incollection{sepetjanRespecterDroitPropriete2017,
  title = {{Respecter le droit de la propri\'et\'e litt\'eraire et artistique}},
  booktitle = {{Num\'eriser et mettre en ligne}},
  author = {Sepetjan, Sophie},
  editor = {Claerr, Thierry and Westeel, Isabelle},
  year = {2017},
  series = {{La Bo\^ite \`a outils}},
  pages = {46--64},
  publisher = {{Presses de l'enssib}},
  address = {{Villeurbanne}},
  doi = {10.4000/books.pressesenssib.426},
  url = {http://books.openedition.org/pressesenssib/426},
  urldate = {2023-08-06},
  copyright = {https://www.openedition.org/12554},
  isbn = {978-2-37546-032-0},
  langid = {french},
  keywords = {technique},
  file = {/home/jade/snap/zotero-snap/common/Zotero/storage/QHA68L7H/Sepetjan - 2017 - Partie II. Respecter le droit de la propriÃ©tÃ© litt.pdf}
}

@misc{sharabokWhyDeepLearning2020,
  title = {Why {{Deep Learning Uses GPUs}}?},
  author = {Sharabok, German},
  year = {2020},
  month = jul,
  journal = {Medium},
  url = {https://towardsdatascience.com/why-deep-learning-uses-gpus-c61b399e93a0},
  urldate = {2023-08-26},
  abstract = {And why you should too\ldots},
  langid = {english},
  keywords = {technique},
  file = {/home/jade/snap/zotero-snap/common/Zotero/storage/9SBYB4UW/why-deep-learning-uses-gpus-c61b399e93a0.html}
}

@misc{sharmaTrainingYOLOv5Object2022,
  title = {Training the {{YOLOv5 Object Detector}} on a {{Custom Dataset}}},
  author = {Sharma, Aditya},
  year = {2022},
  month = jun,
  journal = {PyImageSearch},
  url = {https://pyimagesearch.com/2022/06/20/training-the-yolov5-object-detector-on-a-custom-dataset/},
  urldate = {2023-08-18},
  abstract = {Learn to train a YOLOv5 object detector on a custom dataset in the PyTorch framework.},
  langid = {american},
  keywords = {technique},
  file = {/home/jade/snap/zotero-snap/common/Zotero/storage/P9P2B3B5/training-the-yolov5-object-detector-on-a-custom-dataset.html}
}

@misc{ultralyticsUltralyticsYOLOv8Docs,
  title = {Ultralytics {{YOLOv8 Docs}}},
  author = {Ultralytics},
  url = {https://docs.ultralytics.com/},
  urldate = {2023-08-15},
  abstract = {Explore a complete guide to Ultralytics YOLOv8, a high-speed, high-accuracy object detection \& image segmentation model. Installation, prediction, training tutorials and more.},
  langid = {english},
  keywords = {technique},
  file = {/home/jade/snap/zotero-snap/common/Zotero/storage/QR5ZIXR2/docs.ultralytics.com.html}
}
