@misc{albouyIiifdownloader2023,
  title = {Iiif-Downloader},
  author = {Albouy, S{\'e}gol{\`e}ne},
  year = {2023},
  month = jun,
  url = {https://github.com/Segolene-Albouy/iiif-downloader},
  urldate = {2023-08-23},
  abstract = {Script for automatic image retrieval from IIIF manifests},
  copyright = {MIT}
}

@misc{APIRMNGrandPalais,
  title = {{{API}} de La {{RMN-Grand Palais}}},
  url = {https://api.art.rmngp.fr/},
  urldate = {2023-08-10},
  file = {/home/jade/snap/zotero-snap/common/Zotero/storage/VAAJ88VF/api.art.rmngp.fr.html}
}

@misc{CategoryGoogleArt,
  title = {Category:{{Google Art Project}} Works by Collection - {{Wikimedia Commons}}},
  shorttitle = {Category},
  url = {https://commons.wikimedia.org/wiki/Category:Google_Art_Project_works_by_collection},
  urldate = {2023-08-10},
  langid = {english},
  file = {/home/jade/snap/zotero-snap/common/Zotero/storage/C8EQ8JDT/CategoryGoogle_Art_Project_works_by_collection.html}
}

@misc{CeleryDistributedTask,
  title = {Celery - {{Distributed Task Queue}} \textemdash{} {{Celery}} 5.3.1 Documentation},
  url = {https://docs.celeryq.dev/en/stable/},
  urldate = {2023-08-29},
  file = {/home/jade/snap/zotero-snap/common/Zotero/storage/QS2ALGNA/stable.html}
}

@misc{chagueHTRUnited,
  title = {{{HTR-United}}},
  author = {Chagu{\'e}, Alix and Cl{\'e}rice, Thibault},
  url = {https://htr-united.github.io/index.html},
  urldate = {2023-08-10},
  abstract = {HTR-United is a catalog and an ecosystem for sharing and finding ground truth for optical character or handwritten text recognition (OCR/HTR).},
  file = {/home/jade/snap/zotero-snap/common/Zotero/storage/Q4NIWBLZ/index.html}
}

@misc{COCOCommonObjects,
  title = {{{COCO}} - {{Common Objects}} in {{Context}}},
  url = {https://cocodataset.org/#home},
  urldate = {2023-08-15},
  file = {/home/jade/snap/zotero-snap/common/Zotero/storage/7P54XWHA/cocodataset.org.html}
}

@misc{CorDeep,
  title = {{{CorDeep}}},
  url = {https://cordeep.mpiwg-berlin.mpg.de/},
  urldate = {2023-08-10}
}

@article{Cron2023,
  title = {{cron}},
  year = {2023},
  month = jul,
  journal = {Wikip\'edia},
  url = {https://fr.wikipedia.org/w/index.php?title=Cron&oldid=206272232},
  urldate = {2023-08-29},
  abstract = {cron est un programme qui permet aux utilisateurs des syst\`emes Unix d'ex\'ecuter automatiquement des scripts, des commandes ou des logiciels \`a une date et une heure sp\'ecifi\'ee \`a l'avance, ou selon un cycle d\'efini \`a l'avance.},
  copyright = {Creative Commons Attribution-ShareAlike License},
  langid = {french},
  annotation = {Page Version ID: 206272232},
  file = {/home/jade/snap/zotero-snap/common/Zotero/storage/YGRDKKBV/Cron.html}
}

@misc{DarknetOpenSource,
  title = {Darknet: {{Open Source Neural Networks}} in {{C}}},
  url = {https://pjreddie.com/darknet/},
  urldate = {2023-08-18},
  file = {/home/jade/snap/zotero-snap/common/Zotero/storage/DX33BYDG/darknet.html}
}

@misc{Django,
  title = {Django},
  journal = {Django Project},
  url = {https://www.djangoproject.com/},
  urldate = {2023-08-27},
  abstract = {The web framework for perfectionists with deadlines.},
  langid = {english},
  file = {/home/jade/snap/zotero-snap/common/Zotero/storage/TTGCXMLL/www.djangoproject.com.html}
}

@misc{DjangoRESTFramework,
  title = {Django {{REST}} Framework},
  url = {https://www.django-rest-framework.org/},
  urldate = {2023-08-27},
  file = {/home/jade/snap/zotero-snap/common/Zotero/storage/UQSXIBW7/www.django-rest-framework.org.html}
}

@misc{dotTableTranscriberAutomaticPipeline2022,
  title = {{{tableTranscriber}}: An Automatic Pipeline for Astronomical Tables Transcription},
  shorttitle = {{{tableTranscriber}}},
  author = {Dot, Tristan},
  year = {2022},
  month = oct,
  url = {https://github.com/tristandot/tableTranscriber},
  urldate = {2023-08-10},
  copyright = {MIT}
}

@misc{EdIterAnalyserDiagrammes,
  title = {{EdIter et analyser les Diagrammes astronomiques historiques avec l'intelligence Artificielle}},
  journal = {Agence nationale de la recherche},
  url = {https://anr.fr/Projet-ANR-22-CE38-0014},
  urldate = {2023-08-10},
  abstract = {Pendant des si\`ecles, dans toute l'Eurasie, les sciences astronomiques ont \'et\'e d\'evelopp\'ees, pour r\'epondre \`a un large \'eventail de besoins religieux, rituels et politiques, pour observer et comprendre le monde naturel. Par cons\'equent, dans de multiples contextes culturels interd\'ependants, les praticiens des sciences astronomiques ont compil\'e des manuscrits, dont il existe des centaines de milliers, qui comprennent des tables num\'eriques, des textes et des diagrammes. EIDA se concentrera sur les diagrammes en tant que patrimoine visuel et v\'ehicule d'arguments astronomiques et math\'ematiques. \`A cette fin, le projet d\'eveloppera et mettra en \oe uvre une approche radicalement nouvelle dans l'\'etude des diagrammes astronomiques des p\'eriodes modernes et pr\'emodernes. Les deux principaux objectifs de EIDA sont : (1) la prise en compte de la vari\'et\'e des fonctions et des modes de circulation des diagrammes dans l'histoire de l'astronomie en analysant conjointement leurs aspects \'epist\'emiques et documentaires dans les sciences astrales (2) le d\'eveloppement de nouvelles approches de vision par ordinateur, capables de d\'ecomposer un diagramme astronomique en composantes significatives pour l'analyse et l'\'edition, sans d\'ependre d'une annotation humaine. EIDA associe les progr\`es r\'ecents des approches d'analyse par synth\`ese en vision par ordinateur et le r\'ecent tournant visuel en histoire de l'astronomie dans une perspective interdisciplinaire. Cette collaboration arrive \`a point nomm\'e compte tenu de la disponibilit\'e des donn\'ees et permettra de mener des analyses fines \`a une \'echelle sans pr\'ec\'edent ouvrant de nouveaux horizons pour l'histoire de l'astronomie. En outre, conform\'ement aux principes de la science ouverte, EIDA d\'eveloppera des outils permettant de moissonner, d'\'etudier, d'\'editer et de visualiser des diagrammes par le biais d'une interface web, sur le mod\`ele de la plateforme DISHAS pour les tables astronomiques.},
  langid = {french},
  file = {/home/jade/snap/zotero-snap/common/Zotero/storage/29IHH6RD/Projet-ANR-22-CE38-0014.html}
}

@misc{EnhancingHeritageImage,
  title = {Enhancing {{Heritage Image Databases}}},
  journal = {Agence nationale de la recherche},
  url = {https://anr.fr/Project-ANR-17-CE23-0008},
  urldate = {2023-08-10},
  abstract = {In recent years, computer vision has made several breakthroughs by using very large databases to train deep Convolutional Neural Networks (CNNs). In parallel, a lot of efforts have been invested to digitalize heritage artifacts, such as museum collections or archive images, that are now publicly accessible. CNNs have been successfully tested on these heritage data, but mainly for standard classification tasks, inside a closed database. On the contrary, this project aims at using of the most recent advances in computer vision, and in particular in deep learning, to develop innovative applications that are made possible by the availability of large databases. In particular, we will target tasks such as invariant pattern discovery in large image databases and 3D reconstruction from historical depictions.{$<$}br /{$><$}br /{$>$}Breakthrough progress on these problems would have profound implications both in human sciences such as art history and archaeology, and in their understanding by the public.},
  langid = {english},
  file = {/home/jade/snap/zotero-snap/common/Zotero/storage/MQWME4R4/Project-ANR-17-CE23-0008.html}
}

@misc{Europeana,
  title = {{Europeana}},
  url = {https://www.europeana.eu/fr},
  urldate = {2023-08-10},
  abstract = {Recherchez, enregistrez et partagez des \oe uvres d'art, des livres, des films et de la musique issues de milliers d'institutions culturelles},
  langid = {french},
  file = {/home/jade/snap/zotero-snap/common/Zotero/storage/LG49TJC2/fr.html}
}

@misc{FastAPI,
  title = {{{FastAPI}}},
  url = {https://fastapi.tiangolo.com/},
  urldate = {2023-08-27},
  file = {/home/jade/snap/zotero-snap/common/Zotero/storage/5KGJM6ZS/fastapi.tiangolo.com.html}
}

@misc{FlaskDocumentation,
  title = {Flask {{Documentation}} (2.3.x)},
  url = {https://flask.palletsprojects.com/en/2.3.x/},
  urldate = {2023-08-27},
  file = {/home/jade/snap/zotero-snap/common/Zotero/storage/FPNJ6TLJ/2.3.x.html}
}

@misc{Gallica,
  title = {Gallica},
  url = {https://gallica.bnf.fr/},
  urldate = {2023-08-10},
  file = {/home/jade/snap/zotero-snap/common/Zotero/storage/G684L5BJ/accueil-fr.html}
}

@misc{GoogleArtsCulture,
  title = {{Google Arts \& Culture}},
  url = {https://artsandculture.google.com/},
  urldate = {2023-08-10},
  abstract = {Google Arts~\& Culture pr\'esente le contenu de plus de 2~000~grands mus\'ees et centres d'archives qui ont collabor\'e avec l'Institut culturel de Google afin de mettre les tr\'esors du monde en ligne.},
  langid = {french},
  file = {/home/jade/snap/zotero-snap/common/Zotero/storage/IR4PP5H6/artsandculture.google.com.html}
}

@misc{HistoricalNavigationDISHAS,
  title = {Historical Navigation \textemdash{} {{DISHAS}} Project \textemdash{} {{Astronomical}} Table in Database},
  url = {https://dishas.obspm.fr/historical-navigation},
  urldate = {2023-08-10},
  file = {/home/jade/snap/zotero-snap/common/Zotero/storage/ZU79XDST/historical-navigation.html}
}

@misc{HomeDISHASProject,
  title = {Home \textemdash{} {{DISHAS}} Project \textemdash{} {{Astronomical}} Table in Database},
  url = {https://dishas.obspm.fr/},
  urldate = {2023-08-10},
  file = {/home/jade/snap/zotero-snap/common/Zotero/storage/EUMAF34Z/dishas.obspm.fr.html}
}

@misc{ImageNet,
  title = {{{ImageNet}}},
  url = {https://www.image-net.org/},
  urldate = {2023-08-10},
  file = {/home/jade/snap/zotero-snap/common/Zotero/storage/X7TA2JSH/www.image-net.org.html}
}

@misc{jocherYOLOv5Ultralytics2020,
  title = {{{YOLOv5}} by {{Ultralytics}}},
  author = {Jocher, Glenn},
  year = {2020},
  month = may,
  doi = {10.5281/zenodo.3908559},
  url = {https://github.com/ultralytics/yolov5},
  urldate = {2023-08-28},
  abstract = {YOLOv5 🚀 in PyTorch {$>$} ONNX {$>$} CoreML {$>$} TFLite},
  copyright = {AGPL-3.0}
}

@misc{MiradorHome,
  title = {Mirador \textemdash{} {{Home}}},
  url = {https://projectmirador.org/},
  urldate = {2023-08-30},
  file = {/home/jade/snap/zotero-snap/common/Zotero/storage/7L8E69KD/projectmirador.org.html}
}

@misc{monnierDocExtractor2023,
  title = {{{docExtractor}}},
  author = {Monnier, Tom},
  year = {2023},
  month = jul,
  url = {https://github.com/monniert/docExtractor},
  urldate = {2023-08-10},
  abstract = {(ICFHR 2020 oral) Code for "docExtractor: An off-the-shelf historical document element extraction" paper},
  copyright = {MIT}
}

@misc{norindrElementExtractionGPU2023,
  title = {Element Extraction on a {{GPU}}},
  author = {Norindr, Jade},
  year = {2023},
  month = jun,
  url = {https://github.com/jnorindr/extractorAPI},
  urldate = {2023-08-26},
  abstract = {API to run inference on a GPU using a vision model for element extraction}
}

@misc{PyTorch,
  title = {{{PyTorch}}},
  url = {https://pytorch.org/},
  urldate = {2023-08-18},
  file = {/home/jade/snap/zotero-snap/common/Zotero/storage/JFLRAS67/pytorch.org.html}
}

@misc{WelcomeSimpleAnnotation,
  title = {Welcome to the {{Simple Annotation Server}}},
  url = {https://dev.gdmrdigital.com/},
  urldate = {2023-08-29},
  file = {/home/jade/snap/zotero-snap/common/Zotero/storage/255B825I/dev.gdmrdigital.com.html}
}
